<record><leader>00000cas a22000007a 4500</leader><controlfield tag="001">12905167</controlfield><controlfield tag="008">851213d18831890wiuwr ne      0    0eng d</controlfield><controlfield tag="009">3770</controlfield><datafield ind1=" " ind2=" " tag="010"><subfield code="a">sn 85041479 </subfield></datafield><datafield ind1=" " ind2=" " tag="040"><subfield code="a">NPV</subfield><subfield code="b">eng</subfield><subfield code="c">NPV</subfield><subfield code="d">DLC</subfield><subfield code="d">NPV</subfield><subfield code="d">HLS</subfield></datafield><datafield ind1="1" ind2=" " tag="029"><subfield code="a">AU@</subfield><subfield code="b">000023276094</subfield></datafield><datafield ind1=" " ind2=" " tag="042"><subfield code="a">msc</subfield></datafield><datafield ind1="0" ind2="0" tag="050"><subfield code="a">Newspaper 10216-X</subfield></datafield><datafield ind1="0" ind2=" " tag="130"><subfield code="a">Eau Claire weekly free press (Eau Claire, Wis. : 1883)</subfield></datafield><datafield ind1="0" ind2="0" tag="245"><subfield code="a">Eau Claire weekly free press.</subfield></datafield><datafield ind1="1" ind2="3" tag="246"><subfield code="a">Weekly free press</subfield></datafield><datafield ind1="1" ind2="3" tag="246"><subfield code="a">Free press</subfield></datafield><datafield ind1=" " ind2=" " tag="260"><subfield code="a">Eau Claire, Wis. :</subfield><subfield code="b">[s.n.],</subfield><subfield code="c">1883-1890.</subfield></datafield><datafield ind1=" " ind2=" " tag="300"><subfield code="a">v.</subfield></datafield><datafield ind1=" " ind2=" " tag="310"><subfield code="a">Weekly</subfield></datafield><datafield ind1="0" ind2=" " tag="362"><subfield code="a">Vol. 26, no. 42 (July 26, 1883)-v. 33, no. 33 (June 19, 1890).</subfield></datafield><datafield ind1=" " ind2=" " tag="752"><subfield code="a">United States</subfield><subfield code="b">Wisconsin</subfield><subfield code="c">Eau Claire</subfield><subfield code="d">Eau Claire.</subfield></datafield><datafield ind1="0" ind2="0" tag="780"><subfield code="t">Eau Claire free press (Eau Claire, Wis. : 1882)</subfield><subfield code="w">(DLC)sn 85041478</subfield><subfield code="w">(OCoLC)12905167</subfield></datafield><datafield ind1="0" ind2="0" tag="785"><subfield code="t">Eau Claire free press (Eau Claire, Wis. : 1890 : Weekly)</subfield></datafield></record>